@article{tom2007neural,
  title={The Neural Basis of Loss Aversion in Decision-Making Under Risk},
  author={Tom, Sabrina M and others},
  journal={Science},
  volume={315},
  number={5811},
  pages={515--518},
  year={2007},
  publisher={American Association for the Advancement of Science}
}
